@misc{tom7,
  title={Modal Types for Mobile Code},
  author={Murphy, VII, Tom},
  year={2008},
  publisher={ProQuest}
}

@book{appel,
  author={Appel,Andrew W., 1960},
  year={1992},
  title={Compiling with Continuations},
  publisher={Cambridge University Press},
  address={Cambridge;New York;},
}

@book{tapl,
  author={Pierce,Benjamin C.},
  year={2002},
  title={Types and Programming Languages},
  publisher={MIT Press},
  address={Cambridge, MA},
  keywords={Programming languages (Electronic computers)},
}

@book{dragonbook,
  author={Aho,Alfred V. and Sethi,Ravi and Ullman,Jeffrey D., 1942},
  year={1986},
  title={Compilers, Principles, Techniques, and Tools},
  publisher={Addison-Wesley Pub. Co},
  address={Reading, Mass},
  keywords={Compiling (Electronic computers)},
}

@article{monadic,
  title={A Monadic Formalization of ML5},
  author={Licata, Daniel R and Harper, Robert},
  journal={arXiv preprint arXiv:1009.2793},
  year={2010}
}

@inproceedings{typedclosure,
  title={Typed Closure Conversion},
  author={Minamide, Yasuhiko and Morrisett, Greg and Harper, Robert},
  booktitle={Proceedings of the 23rd ACM SIGPLAN-SIGACT symposium on Principles of programming languages},
  pages={271--283},
  year={1996},
  organization={ACM}
}

@article{pml,
  title={On the Meanings of the Logical Constants and the Justifications of the Logical Laws},
  author={Martin-L\"{o}f, Per},
  journal={Nordic Journal of Philosophical Logic},
  month=may,
  number={1},
  pages={11--60},
  volume={1},
  year={1996}
}

@article{judgmental,
  title = {A Judgmental Reconstruction of Modal Logic},
  author = {Pfenning, Frank and Davies, Rowan},
  journal = {Mathematical. Structures in Comp. Sci.},
  issue_date = {August 2001},
  volume = {11},
  number = {4},
  month = aug,
  year = {2001},
  issn = {0960-1295},
  pages = {511--540},
  numpages = {30},
  acmid = {966902},
  publisher = {Cambridge University Press},
  address = {New York, NY, USA},
}

@book{popkorn,
  author={Popkorn,Sally},
  year={1994},
  title={First Steps in Modal Logic},
  publisher={Cambridge University Press},
  address={Cambridge;New York;},
  keywords={Modality (Logic)},
}

@book{blackburn,
  author={Blackburn,Patrick and Rijke,Maarten d. and Venema,Yde},
  year={2001},
  title={Modal logic},
  publisher={Cambridge University Press},
  address={New York;Cambridge [England];},
  volume={53},
}

@book{goldblatt,
  author={Goldblatt,Robert},
  year={1992},
  title={Logics of Time and Computation},
  publisher={Center for the Study of Language and Information},
  address={Stanford, CA},
  volume={7},
  edition={2nd, rev. and expand},
}

@misc{lecture15-pf,
  author={Pfenning,Frank},
  title={Lecture Notes on Intuitionistic {K}ripke Semantics},
  month={March},
  year={2008},
  publisher={Carnegie Mellon University}
}
